<?xml version="1.0" encoding="UTF-8"?>
<collection xmlns:xsi="http://www.w3.org/2001/XMLSchema-instance" xsi:schemaLocation="http://www.loc.gov/MARC21/slim http://www.loc.gov/standards/marcxml/schema/MARC21slim.xsd" xmlns="http://www.loc.gov/MARC21/slim">
<record>
  <leader>00876cam a2200229Ma 4500</leader>
  <controlfield tag="001">3071480</controlfield>
  <controlfield tag="003">NNC</controlfield>
  <controlfield tag="005">20130426015411.0</controlfield>
  <controlfield tag="008">940711s1950    ua j     b    001 0 arard</controlfield>
  <datafield tag="035" ind1=" " ind2=" ">
    <subfield code="a">(OCoLC)ocm30941047</subfield>
  </datafield>
  <datafield tag="035" ind1=" " ind2=" ">
    <subfield code="9">ATP4455CU</subfield>
  </datafield>
  <datafield tag="035" ind1=" " ind2=" ">
    <subfield code="a">(NNC)3071480</subfield>
  </datafield>
  <datafield tag="040" ind1=" " ind2=" ">
    <subfield code="a">RBN</subfield>
    <subfield code="c">RBN</subfield>
    <subfield code="d">OCL</subfield>
    <subfield code="d">ZCU</subfield>
  </datafield>
  <datafield tag="099" ind1=" " ind2=" ">
    <subfield code="a">893.7K11</subfield>
    <subfield code="a">W</subfield>
  </datafield>
  <datafield tag="100" ind1="1" ind2=" ">
    <subfield code="a">Sukkarī, Abū Saʻīd al-Ḥasan ibn al-Ḥusayn,</subfield>
    <subfield code="d">827 or 828-888 or 889.</subfield>
  </datafield>
  <datafield tag="245" ind1="1" ind2="0">
    <subfield code="a">Sharḥ Dīwān Kaʻb ibn Zuhayr /</subfield>
    <subfield code="c">ṣanʻat Abī Saʻīd al-Ḥasan ibn al-Ḥusayn ibn ʻAbd Allāh al-Sukkārī.</subfield>
  </datafield>
  <datafield tag="260" ind1=" " ind2=" ">
    <subfield code="a">al-Qāhirah :</subfield>
    <subfield code="b">Dār al-Kutub al-Miṣrīyah, al-Qism al-Adabī,</subfield>
    <subfield code="c">1950.</subfield>
  </datafield>
  <datafield tag="300" ind1=" " ind2=" ">
    <subfield code="a">28, 289 p. :</subfield>
    <subfield code="b">geneal. table ;</subfield>
    <subfield code="c">28 cm.</subfield>
  </datafield>
  <datafield tag="504" ind1=" " ind2=" ">
    <subfield code="a">Includes bibliographical references and indexes.</subfield>
  </datafield>
  <datafield tag="600" ind1="0" ind2="0">
    <subfield code="a">Kaʻb ibn Zuhayr</subfield>
    <subfield code="x">Criticism and interpretation.</subfield>
  </datafield>
  <datafield tag="700" ind1="0" ind2="2">
    <subfield code="a">Kaʻb ibn Zuhayr.</subfield>
    <subfield code="t">Poems.</subfield>
  </datafield>
  <datafield tag="955" ind1=" " ind2=" ">
    <subfield code="b">CU58872507</subfield>
    <subfield code="d">off,glx</subfield>
    <subfield code="e">893.7K11 W</subfield>
  </datafield>
</record>
</collection>